<record><leader>00000cas a22000007a 4500</leader><controlfield tag="001">24867100</controlfield><controlfield tag="008">911127d188319uuohuwr ne      0    0eng d</controlfield><datafield ind1=" " ind2=" " tag="010"><subfield code="a">sn 91075636 </subfield></datafield><datafield ind1=" " ind2=" " tag="040"><subfield code="a">ONP</subfield><subfield code="b">eng</subfield><subfield code="c">ONP</subfield><subfield code="d">OCLCQ</subfield></datafield><datafield ind1=" " ind2=" " tag="042"><subfield code="a">msc</subfield></datafield><datafield ind1="0" ind2="0" tag="245"><subfield code="a">South Charleston sentinel.</subfield></datafield><datafield ind1=" " ind2=" " tag="260"><subfield code="a">South Charleston, Ohio :</subfield><subfield code="b">W.H. Rowe,</subfield><subfield code="c">-1883.</subfield></datafield><datafield ind1=" " ind2=" " tag="300"><subfield code="a">v.</subfield></datafield><datafield ind1=" " ind2=" " tag="310"><subfield code="a">Weekly</subfield></datafield><datafield ind1="0" ind2=" " tag="362"><subfield code="a">Vol. 5, no. 39 (May 2, 1883)-</subfield></datafield><datafield ind1=" " ind2="4" tag="651"><subfield code="a">South Charleston (Ohio)</subfield><subfield code="v">Newspapers.</subfield></datafield><datafield ind1=" " ind2="4" tag="651"><subfield code="a">Clark County (Ohio)</subfield><subfield code="v">Newspapers.</subfield></datafield><datafield ind1=" " ind2=" " tag="752"><subfield code="a">United States</subfield><subfield code="b">Ohio</subfield><subfield code="c">Clark</subfield><subfield code="d">South Charleston.</subfield></datafield><datafield ind1="0" ind2="0" tag="780"><subfield code="t">Clark County sentinel</subfield><subfield code="w">(DLC)sn</subfield></datafield><datafield ind1="0" ind2="0" tag="785"><subfield code="t">Sentinel (South Charleston, Ohio)</subfield><subfield code="w">(DLC)sn 87076878</subfield></datafield></record>